<?xml version="1.0" encoding="UTF-8"?><record xmlns="http://www.loc.gov/MARC21/slim" xmlns:cinclude="http://apache.org/cocoon/include/1.0" xmlns:zs="http://www.loc.gov/zing/srw/">
  <leader>00357nz  a2200121n  4500</leader>
  <controlfield tag="001">n  85339251 </controlfield>
  <controlfield tag="003">DLC</controlfield>
  <controlfield tag="005">19860304084750.6</controlfield>
  <controlfield tag="008">860219n| acannaab|          |n aaa |||  </controlfield>
  <datafield tag="010" ind1=" " ind2=" ">
    <subfield code="a">n  85339251 </subfield>
  </datafield>
  <datafield tag="040" ind1=" " ind2=" ">
    <subfield code="a">DLC</subfield>
    <subfield code="c">DLC</subfield>
    <subfield code="d">DLC</subfield>
  </datafield>
  <datafield tag="100" ind1="1" ind2="0">
    <subfield code="a">Storm, Thomas,</subfield>
    <subfield code="d">1931-</subfield>
  </datafield>
  <datafield tag="670" ind1=" " ind2=" ">
    <subfield code="a">Public drinking and public policy, c1985:</subfield>
    <subfield code="b">t.p. (Thomas Storm) Can CIP (Storm, Thomas, 1931- )</subfield>
  </datafield>
</record>